@book{vee2017coding,
author = {Vee, Annette},
title = {Coding Literacy: How Computer Programming is Changing Writing},
year = {2017},
isbn = {978-0-262-03624-5},
publisher = {Massachusetts Institute of Technology Press}, address = {Boston, MA},
}

@book{marino2020critical,
author = {Marino, Mark},
title = {Critical Code Studies},
year = {2020},
isbn = {9780262043656},
publisher = {Massachusetts Institute of Technology Press}, address = {Boston, MA},
}

@article{miller2018diving,
  title={Diving Deep: Reflective Questions for Identifying Tacit Disciplinary Information Literacy Knowledge Practices, Dispositions, and Values through the ACRL Framework for Information Literacy},
  author={Miller, Sara},
  journal={Journal of Academic Librarianship},
  volume={44},
  year={2018},
}

@book{peertopeerhandbook,
editor = {Shen, Xuemin and Yu, Heather and Buford, John and Akon, Mursalin},
title = {Handbook of Peer-to-Peer Networking},
year = {2010},
isbn = {978-0-387-09750-3},
publisher = {Springer US},
}

@article{ochigame2020info,
  title={Informatics of the Oppressed},
  author={Ochigame, Rodrigo},
  journal={Logic Magazine},
  year={2020},
  publisher={Logic Magazine},
}

@book{gorman2000values,
author = {Gorman, Michael},
title = {Our Enduring Values},
year = {2000},
isbn = {0-8389-0785-7},
publisher = {American Library Association}, address = {Chicago, IL},
}

@article{alvarez2014publish,
  title={Publish, not Perish: Supporting Graduate Students as Aspiring Authors},
  author={Alvarez, Barbara and Bonnet, Jennifer L. and Kahn, Meredith},
  journal={Journal of Librarianship and Scholarly Communication},
  volume={2},
  year={2014},
}

@article{wu2017github,
  title={The appropriation of GitHub for curation},
  author={Wu, Yu and Wang, Na and Kropczynski, Jessica and Carroll, John M.},
  journal={PeerJ Computer Science},
  volume={3},
  year={2017},
}

@book{aldrichfree,
author = {Aldrich, Margret},
title = {The Little Free Library Book},
year = {2015},
isbn = {978-1-56689-407-4},
publisher = {Coffee House Press},
}

@book{glossary2013,
editor = {Levine-Clark, Michael and Dean, Toni Carter},
title = {The ALA Glossary of Library and Information Science},
year = {2013},
isbn = {9780838996553},
publisher = {American Library Association}, address = {Chicago, IL},
}

@book{glossary1983,
editor = {Young, Heartstill},
title = {The ALA Glossary of Library and Information Science},
year = {1983},
isbn = {0-8389-0371-1},
publisher = {American Library Association}, address = {Chicago, IL},
}

@article{ackermans2020appeal,
  title={Appealing to Your Better Judgement: A Call for Database Criticism},
  author={Ackermans, Hannah},
  journal={Electronic Book Review},
  year={2020},
}

@misc{awesomesum,
  title={awesome-text-summarization},
  author={icoxfog417 and abhishekmamdapure},
  url={https://github.com/icoxfog417/awesome-text-summarization},
}

@book{rubin2016foundationslis,
Title = {Foundations of Library and Information Science : Fourth Edition.},
Author = {Rubin, Richard E.},
ISBN = {9780838913703},
Publisher = {ALA Neal-Schuman},
Volume = {Fourth edition},
URL = {https://search.ebscohost.com/login.aspx?direct=true&AuthType=ip,shib&db=nlebk&AN=1651898&site=ehost-live&custid=s8879152},
Year = {2016},
}

@article{malczewski2014meaningful,
  title={Meaningful Space in a Digital Age},
  author={Malczewski, Ben},
  editor={Leeder, Kim and Frierson, Eric},
  year={2014},
  journal={Planning Our Future Libraries: Blueprints for 2025},
  publisher={American Library Association}
}

@misc{pandasrepo,
    title= "pandas-dev/pandas",
    author= "{pandas-dev}",
    howpublished = "\url{https://github.com/pandas-dev/pandas}",
    year = 0000,
    note= "Accessed: 2022-02-28"
}

@book{gorman2015revisited,
Title = {Our Enduring Values Revisited: Librarianship in an Ever-changing World},
Author = {Gorman, Michael},
Publisher = {American Library Association},
URL = {https://web.s.ebscohost.com/ehost/ebookviewer/ebook/ZTAwMHhuYV9fMTAwMzM3NV9fQU41?sid=9862a5c9-56d0-4e1b-9baa-74118e1d8143@redis&vid=0&format=EB&lpid=lp_Cover-2&rid=0},
Year = {2015},
}

@book{harrop2018codinglibrary,
author = {Harrop, Wendy},
title = {Coding for Children and Adults in Libraries: A Practical Guide for Librarians},
year = {2018},
publisher = {Rowman and Littlefield},
}

@article{raymond2001cathedral,
  title={The Cathedral and the Bazaar},
  author={Raymond, Eric Steven},
  volume={3.0},
  URL = {http://www.catb.org/~esr/writings/cathedral-bazaar/cathedral-bazaar/},
  year={2000},
}

@misc{githubarchiveboxes,
    title= "Greatest Hits",
    author= "{Github Archive Program}",
    howpublished = "\url{https://archiveprogram.github.com/greatest-hits/}",
    note= "Accessed: 2022-03-22"
}

@misc{arcticcodevault,
    title= "Arctic Code Vault",
    author= "{Github Archive Program}",
    howpublished = "\url{https://archiveprogram.github.com/arctic-vault/}",
    note= "Accessed: 2022-03-22"
}

@book{peertopeercomputing,
author = {Vu, Quang Hieu and Lupu, Mihai and Ooi, Beng Chin},
title = {Peer-to-Peer Computing: Princliples and Applications},
year = {2010},
isbn = {978-3-642-03514-2},
publisher = {Springer},
}

@misc{gitdocs,
    title= "git Reference",
    author= "{git}",
    howpublished = "\url{https://git-scm.com/docs}",
}

@misc{tideliftpolicy,
    title= "Tidelift Security Policy",
    author= "{Tidelift}",
    howpublished = "\url{https://tidelift.com/docs/security}",
}

@misc{elaeinterview,
  author        = "El√¶ Moss",
  howpublished  = "private communication",
  year          = "2022",
  month         = "March"
}

@misc{timinterview,
  author        = "Tim Ribaric",
  howpublished  = "private communication",
  year          = "2022",
  month         = "March"
}

@misc{codyinterview,
  author        = "Cody Hennesy",
  howpublished  = "private communication",
  year          = "2022",
  month         = "April",
}

@misc{patrickinterview,
  author        = "Patrick Williams",
  howpublished  = "private communication",
  year          = "2022",
  month         = "March",
}

@article{fox2001peer,
  title={Peer-to-peer networks},
  author={Fox, Geoffrey},
  journal={Computing in Science \& Engineering},
  volume={3},
  number={3},
  pages={75--77},
  year={2001},
  publisher={IEEE}
}

@inproceedings{calvanese2004logical,
  title={Logical foundations of peer-to-peer data integration},
  author={Calvanese, Diego and De Giacomo, Giuseppe and Lenzerini, Maurizio and Rosati, Riccardo},
  booktitle={Proceedings of the twenty-third ACM SIGMOD-SIGACT-SIGART symposium on Principles of database systems},
  pages={241--251},
  year={2004}
}

@misc{gnuphilosophy,
    title= "What is Free Software?",
    author= "{Free Software Foundation}",
    howpublished = "\url{https://www.gnu.org/philosophy/free-sw.html}",
}

@misc{githubdocs,
    title= "Github Docs",
    author= "{Github}",
    howpublished = "\url{https://docs.github.com/en}",
}

@misc{githubedu,
    title= "Github Education",
    author= "{Github}",
    howpublished = "\url{https://education.github.com/}",
}

@article{raymondnoosphere,
  title={Homesteading the Noosphere},
  author={Raymond, Eric Steven},
  volume={1.22},
  URL = {http://www.catb.org/~esr/writings/cathedral-bazaar/homesteading/index.html},
  year={2002},
}




